<?xml version="1.0" encoding="UTF-8"?><collection xmlns="http://www.loc.gov/MARC21/slim"><record><leader>00520nam--2200181-i-4500</leader><controlfield tag="001">000020026</controlfield><controlfield tag="002">20161230</controlfield><controlfield tag="005">20161230201033</controlfield><controlfield tag="008">060222s1000------------r-----000-0-eng-d</controlfield><datafield ind1=" " ind2=" " tag="040"><subfield code="a">IFIN-HH</subfield></datafield><datafield ind1=" " ind2=" " tag="080"><subfield code="a">533.932:621.039.62:12/13:539.175.3</subfield></datafield><datafield ind1="1" ind2=" " tag="100"><subfield code="a">Duderstadt, James J</subfield></datafield><datafield ind1="1" ind2="0" tag="245"><subfield code="a">Inertial coinfinement fusion</subfield><subfield code="c">James j. duderstadt, gregory a. moses</subfield></datafield><datafield ind1=" " ind2=" " tag="260"><subfield code="a">New York, John Wiley &amp; Sons, 1982</subfield></datafield><datafield ind1=" " ind2=" " tag="300"><subfield code="a">X + 347 P</subfield></datafield><datafield ind1="1" ind2=" " tag="700"><subfield code="a">Moses, Gregory A</subfield></datafield><datafield ind1=" " ind2=" " tag="852"><subfield code="a">70100</subfield><subfield code="c">533.9</subfield></datafield><datafield ind1=" " ind2=" " tag="CAT"><subfield code="a">Sys</subfield><subfield code="c">20100930</subfield><subfield code="h">103141</subfield></datafield></record></collection>